 @article{Tehrany_Jones_Shabani_2019, 
    title={Identifying the essential flood conditioning factors for flood prone area mapping using machine learning techniques}, 
    volume={175}, 
    ISSN={0341-8162}, 
    DOI={10.1016/j.catena.2018.12.011}, 
    journal={CATENA}, 
    author={Tehrany, Mahyat Shafapour and Jones, Simon and Shabani, Farzin}, 
    year={2019}, 
    month=apr, 
    pages={174–192} }

 @article{Aloui_Zghibi_Mazzoni_Elomri_Al-Ansari_2024, 
    title={Identifying suitable zones for integrated aquifer recharge and flood control in arid Qatar using GIS-based multi-criteria decision-making}, 
    volume={25}, 
    ISSN={2352-801X}, 
    DOI={10.1016/j.gsd.2024.101137}, 
    author={Aloui, Sarra and Zghibi, Adel and Mazzoni, Annamaria and Elomri, Adel and Al-Ansari, Tareq}, 
    year={2024}, 
    month=may, 
    pages={101137} }

 @article{Mudashiru_Sabtu_Abustan_Balogun_2021, 
    title={Flood hazard mapping methods: A review}, 
    volume={603}, 
    ISSN={0022-1694}, 
    DOI={10.1016/j.jhydrol.2021.126846},
    journal={Journal of Hydrology}, 
    author={Mudashiru, Rofiat Bunmi and Sabtu, Nuridah and Abustan, Ismail and Balogun, Waheed}, 
    year={2021}, 
    month=dec, 
    pages={126846} }

 @inbook{EEFA_F2.2, 
   edition={1}, 
   title={Chapter F2.2: Accuracy Assessment: Quantifying Classification Quality}, 
   ISBN={978-3-031-26587-7}, 
   url={https://docs.google.com/document/d/1UCB900oCdJERca-2WUeDlCu52MjPKJxETJ_jJcLM0bM/edit?tab=t.0}, 
   abstractNote={This chapter will enable you to assess the accuracy of an image classification. You will learn about different metrics and ways to quantify classification quality in Earth Engine. Upon completion, you should be able to evaluate whether your classification needs improvement and know how to proceed when it does.}, 
   booktitle={Cloud-Based Remote Sensing with Google Earth Engine: Fundamentals and Applications}, 
   publisher={Springer Cham}, 
   author={Andréa Puzzi Nicolau and Karen Dyson and David Saah and Nicholas Clinton}, 
   editor={Jeffrey A. Cardille and Nick Clinton and Morgan A Crowley and David Saah}, 
   year={2023}, 
   month=may }
